/home/jrnold/Dropbox/jabref.bib